% use electronic, misc or online for links
% book for entire books 
% article if in journal
% inproceedings if in conference
 @misc{techjury:protocols,
    author ={Nick G}, 
    title= {How Many IoT Devices Are There in 2022? [All You Need To Know]},
    url= {https://techjury.net/blog/how-many-iot-devices-are-there/},
    journal={techjury}
}; 

@misc{BehrTech:protocols,
    author ={BehrTech Blog}, 
    title= {6 Leading Types of IoT Wireless Tech and Their Best Use Cases},
    url= {https://behrtech.com/blog/6-leading-types-of-iot-wireless-tech-and-their-best-use-cases/},
    journal={BehrTech Blog}
}; 

@book{computer_networking,
   author        = "J. F. Kurose, K. W. Ross",
   title         = "Computer networking: a top-down approach",
   publisher     = "Pearson",
   address       = "Hoboken, New Jersey",
   year          = "2017"
 };
 
@misc{Microsoft:protocols,
    author ={Microsoft}, 
    title= {IOT Technologies and protocols: Microsoft Azure},
    url= {https://azure.microsoft.com/en-us/overview/internet-of-things-iot/iot-technology-protocols/},
    journal={IoT Technologies and Protocols | Microsoft Azure}
}; 

@misc{BLE1,
    author ={Bluetooth\textregistered}, 
    title= {2022 Market Update},
    url= {https://www.bluetooth.com/2022-market-update/},
    journal={Bluetooth\textregistered}
}; 

@misc{LoRaWAN,
    author ={The Things Network}, 
    title= {What are LoRa and LoRaWAN?},
    url= {https://www.thethingsnetwork.org/docs/lorawan/what-is-lorawan/},
    journal={The Things Network}
}; 


@INPROCEEDINGS{IEEE:protocols,  
    author ={Al-Sarawi, Shadi and Anbar, Mohammed and Alieyan, Kamal and Alzubaidi, Mahmood},
    booktitle={2017 8th International Conference on Information Technology (ICIT)},
    title={Internet of Things (IoT) communication protocols: Review},
    year={2017},
    volume={},
    number={},
    pages={685-690},
    doi={10.1109/ICITECH.2017.8079928}
}

@INPROCEEDINGS{IEEE:protocols2,
    author={Sharma, Hemraj and Sharma, Sukesha},
    booktitle={2014 Recent Advances in Engineering and Computational Sciences (RAECS)},
    title={A review of sensor networks: Technologies and applications},
    year={2014},
    volume={},
    number={},
    pages={1-4},
    doi={10.1109/RAECS.2014.6799579}
}

@online{statista,
    author = "Statista research department",
    title = "IoT worldwide connected devices from 2015 to 2022",
    url  = "https://www.statista.com/statistics/471264/iot-number-of-connected-devices-worldwide/",
    addendum = "(accessed: 17.05.2022)",
    keywords = "IoT, connected devices"
}

@online{sdx,
    author = "Jessica Lyons Hardcastle",
    title = "IoT spending to hit 795 billion in 2019",
    url  = "https://www.sdxcentral.com/articles/news/iot-spending-hit-745-billion-2019-idc/2019/01/",
    addendum = "(accessed: 16.05.2022)",
    keywords = "IoT, spending"
}

@online{gartner,
    author = "Héctor Espinoza",
    title = "IoT Endpoint security costs",
    url  = "https://www.gartner.com/TARGET=http\%253A\%252F\%252Fwww.gartner.com\%252Fdocument\%252F3863770",
    addendum = "(accessed: 16.05.2022)",
    keywords = "IoT, security, costs"
}

@electronic{network_topologies,
   author        = "John Peter, Timo Perttunen",
   title         = "Network topologies",
   howpublished  = "Sterlite Tech Application Notes",
   url           = "https://www.stl.tech/sterlite-live/application_notes/1/original/Network_Topologies.pdf?1499156038",
   month         = "6",
   year          = "2014"
 };
 
@online{forbes,
    author = "Zak Doffman",
    title = "Cyberattacks On IOT Devices Surge 300\% In 2019, ‘Measured In Billions’",
    url  = "https://www.forbes.com/sites/zakdoffman/2019/09/14/dangerous-cyberattacks-on-iot-devices-up-300-in-2019-now-rampant-report-claims/?sh=22285f175892",
    addendum = "(accessed: 17.05.2022)",
    keywords = "IoT, cyberattacks"
}

 @online{gemalto,
    author = "Gemalto group",
    title = "ALMOST HALF OF COMPANIES STILL CAN’T DETECT IOT DEVICE BREACHES",
    url  = "https://www.thalesgroup.com/en/markets/digital-identity-and-security/iot/press-release/almost-half-of-companies-still-can-t-detect-iot-device-breaches-reveals-gemalto-study",
    addendum = "(accessed: 17.05.2022)",
    keywords = "IoT, cyberattacks"
}

 @masterthesis{intrusion_detection,
    author = "Umunna Christian Chezz Chetachi",
    title = "Security and Performance Analysis of Topology-Based Intrusion Detection System in Ad Hoc Networks",
    publisher = "Blekinge Institute of Technology",
    month = 5,
    year = 2009,
 }
 
 @online{behrtech,
    author = "Bhertech",
    title = "Mesh vs. Star Topology – How to Find the Right Architecture for Your IoT Networks",
    url  = "https://behrtech.com/blog/mesh-vs-star-topology/",
    addendum = "(accessed: 18.05.2022)",
    keywords = "Topology"
}

 @online{oreilly:IoT_topology,
    author = "Mark Pacelle",
    title = "3 topologies driving IoT networking standards",
    url  = "http://radar.oreilly.com/2014/04/3-topologies-driving-iot-networking-standards.html",
    addendum = "(accessed: 18.05.2022)",
    keywords = "Topology"
}

 @online{linklabs:IoT_topology,
    author = "Link Labs",
    title = "Comparing Mesh, Star \& Point-To-Point Topology In IoT Networking",
    url  = "https://www.link-labs.com/blog/iot-topology",
    addendum = "(accessed: 18.05.2022)",
    keywords = "Topology"
}

@article{IoT_categorization,
  author        = "Staddon, E. and Loscri, V. and Mitton, N.",
  title         = " Attack Categorisation for IoT Applications in Critical Infrastructures, a Survey. Appl. Sci.2021",
  journal       = "MDPI",
  year          = "2021"
}

@article{electronics:topology_control,
  author        = "Lipi, C. and Sharma, P. and Bhagwatikar, G. and Kumar, A.",
  title         = " Wireless Sensor Network Based Smart Grid Communications: Cyber Attacks, Intrusion Detection System and Topology Control",
  journal       = "MDPI",
  year          = "2016"
}

@article{minas_gerais:topology,
  author        = "Silva, A. P. and  Martins, M. and Rocha, B. 
Loureiro A., Ruiz L. and Wong H. C.",
  title         = " Decentralized Intrusion Detection in Wireless Sensor Networks",
  journal       = "Federal Univ of Minas Gerais",
  year          = "2005"
}

@article{IJCSIS:attack_survey,
  author        = "Padmavathi, G. and Shanmugapriya, D.",
  title         = " A Survey of Attacks, Security Mechanisms and Challenges in Wireless Sensor Networks ",
  journal       = " International Journal of Computer Science and Information Security",
  year          = "2009"
}

 @online{manual:freeRTOS,
    author = "Richard Barry",
    title = "Mastering the FreeRTOS Real Time Kernel - A  Hands-On Tutorial Guide",
    url  = "https://www.freertos.org/fr-content-src/uploads/2018/07/161204_Mastering_the_FreeRTOS_Real_Time_Kernel-A_Hands-On_Tutorial_Guide.pdf",
    addendum = "(accessed: 29.05.2022)",
    keywords = "FreeRTOS"
}

 @online{manual:ESP-IDF,
    author = "Espressif Systems",
    title = "ESP32, ESP-IDF Programming Guide",
    url  = "https://docs.espressif.com/projects/esp-idf/en/latest/esp32/esp-idf-en-v5.0-dev-3202-ga2d5041492-esp32.pdf",
    addendum = "(accessed: 31.05.2022)",
    keywords = "ESP-IDF"
}



 @online{uxTaskGetSystemState,
    author = "FreeRTOS",
    title = "uxTaskGetSystemState()",
    url  = "https://www.freertos.org/uxTaskGetSystemState.html/",
    addendum = "(accessed: 16.07.2022)",
    keywords = "taskMonitoring"
}

 @online{buffer_overflow,
    author = "Imperva",
    title = "Buffer Overflow Attack",
    url  = "https://www.imperva.com/learn/application-security/buffer-overflow/",
    addendum = "(accessed: 31.05.2022)",
    keywords = "attacks"
}

 @online{cyber-attacks_oil,
    author = "Nina Terp",
    title = "How cyber-ready is the oil and gas industry?",
    url  = "https://www.siemens-energy.com/global/en/news/magazine/2021/oil-and-gas-industry-and-cyber-resilience.html",
    addendum = "(accessed: 31.05.2022)",
    keywords = "attacks"
}

 @online{nist:keylogger,
    author = "National Institute of Standards and Technology",
    title = "How cyber-ready is the oil and gas industry?",
    url  = "https://csrc.nist.gov/glossary/term/key_logger",
    addendum = "(accessed: 01.06.2022)",
    keywords = "keylogger"
}